@misc{Tran_2008, 
  title = {Barack Obama To Be Americaâ€™s First Black President}, 
  url = {https://www.theguardian.com/world/2008/nov/05/uselections20083}, 
  publisher = {The Guardian}, 
  author = {Tran, Mark}, 
  year = {2008}, 
  month = {Nov.} 
}